
@article{planck_collaboration_planck_2014,
	title = {Planck 2013 results. {XVI}. Cosmological parameters},
	volume = {571},
	issn = {0004-6361},
	url = {http://adsabs.harvard.edu/abs/2014A%26A...571A..16P},
	doi = {10.1051/0004-6361/201321591},
	abstract = {This paper presents the first cosmological results based on Planck measurements of the cosmic microwave background ({CMB}) temperature and lensing-potential power spectra. We find that the Planck spectra at high multipoles (ℓ ≳ 40) are extremely well described by the
standard spatially-flat six-parameter Λ{CDM} cosmology with a
power-law spectrum of adiabatic scalar perturbations. Within the context of this cosmology, the Planck data determine the cosmological parameters to high precision: the angular size of the sound horizon at
recombination, the physical densities of baryons and cold dark matter, and the scalar spectral index are estimated to be
θ∗ = (1.04147 ± 0.00062) ×
10-2, Ωbh2 = 0.02205 ±
0.00028, Ωch2 = 0.1199 ± 0.0027, and
ns = 0.9603 ± 0.0073, respectively(note that in this
abstract we quote 68\% errors on measured parameters and 95\% upper limits on other parameters). For this cosmology, we find a low value of the Hubble constant, H0 = (67.3 ± 1.2) km s-1
Mpc-1, and a high value of the matter density parameter, Ωm = 0.315 ± 0.017. These values are in tension
with recent direct measurements of H0 and the
magnitude-redshift relation for Type Ia supernovae, but are in excellent agreement with geometrical constraints from baryon acoustic oscillation ({BAO}) surveys. Including curvature, we find that the Universe is consistent with spatial flatness to percent level precision using Planck {CMB} data alone. We use high-resolution {CMB} data together with Planck to provide greater control on extragalactic foreground components in an investigation of extensions to the six-parameter Λ{CDM} model. We
present selected results from a large grid of cosmological models, using a range of additional astrophysical data sets in addition to Planck and high-resolution {CMB} data. None of these models are favoured over the standard six-parameter Λ{CDM} cosmology. The deviation of the
scalar spectral index from unity isinsensitive to the addition of tensor modes and to changes in the matter content of the Universe. We find an upper limit of r0.002{\textless} 0.11 on the tensor-to-scalar ratio. There is no evidence for additional neutrino-like relativistic particles beyond the three families of neutrinos in the standard model. Using {BAO} and {CMB} data, we find Neff = 3.30 ± 0.27 for the
effective number of relativistic degrees of freedom, and an upper limit of 0.23 {eV} for the sum of neutrino masses. Our results are in excellent agreement with big bang nucleosynthesis and the standard value of Neff = 3.046. We find no evidence for dynamical dark energy; using {BAO} and {CMB} data, the dark energy equation of state parameter is constrained to be w = -1.13-0.10+0.13. We also use the Planck data to set limits on a possible variation of the
fine-structure constant, dark matter annihilation and primordial magnetic fields. Despite the success of the six-parameter Λ{CDM}
model in describing the Planck data at high multipoles, we note that this cosmology does not provide a good fit to the temperature power spectrum at low multipoles. The unusual shape of the spectrum in the multipole range 20 ≲ ℓ ≲ 40 was seen previously in the
{WMAP} data and is a real feature of the primordial {CMB} anisotropies. The poor fit to the spectrum at low multipoles is not of decisive
significance, but is an "anomaly" in an otherwise self-consistent analysis of the Planck temperature data.},
	urldate = {2015-02-05},
	journal = {Astronomy and Astrophysics},
	author = {{Planck Collaboration} and Ade, P. A. R. and Aghanim, N. and Armitage-Caplan, C. and Arnaud, M. and Ashdown, M. and Atrio-Barandela, F. and Aumont, J. and Baccigalupi, C. and Banday, A. J. and Barreiro, R. B. and Bartlett, J. G. and Battaner, E. and Benabed, K. and Benoît, A. and Benoit-Lévy, A. and Bernard, J.-P. and Bersanelli, M. and Bielewicz, P. and Bobin, J. and Bock, J. J. and Bonaldi, A. and Bond, J. R. and Borrill, J. and Bouchet, F. R. and Bridges, M. and Bucher, M. and Burigana, C. and Butler, R. C. and Calabrese, E. and Cappellini, B. and Cardoso, J.-F. and Catalano, A. and Challinor, A. and Chamballu, A. and Chary, R.-R. and Chen, X. and Chiang, H. C. and Chiang, L.-Y. and Christensen, P. R. and Church, S. and Clements, D. L. and Colombi, S. and Colombo, L. P. L. and Couchot, F. and Coulais, A. and Crill, B. P. and Curto, A. and Cuttaia, F. and Danese, L. and Davies, R. D. and Davis, R. J. and de Bernardis, P. and de Rosa, A. and de Zotti, G. and Delabrouille, J. and Delouis, J.-M. and Désert, F.-X. and Dickinson, C. and Diego, J. M. and Dolag, K. and Dole, H. and Donzelli, S. and Doré, O. and Douspis, M. and Dunkley, J. and Dupac, X. and Efstathiou, G. and Elsner, F. and Enßlin, T. A. and Eriksen, H. K. and Finelli, F. and Forni, O. and Frailis, M. and Fraisse, A. A. and Franceschi, E. and Gaier, T. C. and Galeotta, S. and Galli, S. and Ganga, K. and Giard, M. and Giardino, G. and Giraud-Héraud, Y. and Gjerløw, E. and González-Nuevo, J. and Górski, K. M. and Gratton, S. and Gregorio, A. and Gruppuso, A. and Gudmundsson, J. E. and Haissinski, J. and Hamann, J. and Hansen, F. K. and Hanson, D. and Harrison, D. and Henrot-Versillé, S. and Hernández-Monteagudo, C. and Herranz, D. and Hildebrandt, S. R. and Hivon, E. and Hobson, M. and Holmes, W. A. and Hornstrup, A. and Hou, Z. and Hovest, W. and Huffenberger, K. M. and Jaffe, A. H. and Jaffe, T. R. and Jewell, J. and Jones, W. C. and Juvela, M. and Keihänen, E. and Keskitalo, R. and Kisner, T. S. and Kneissl, R. and Knoche, J. and Knox, L. and Kunz, M. and Kurki-Suonio, H. and Lagache, G. and Lähteenmäki, A. and Lamarre, J.-M. and Lasenby, A. and Lattanzi, M. and Laureijs, R. J. and Lawrence, C. R. and Leach, S. and Leahy, J. P. and Leonardi, R. and León-Tavares, J. and Lesgourgues, J. and Lewis, A. and Liguori, M. and Lilje, P. B. and Linden-Vørnle, M. and López-Caniego, M. and Lubin, P. M. and Macías-Pérez, J. F. and Maffei, B. and Maino, D. and Mandolesi, N. and Maris, M. and Marshall, D. J. and Martin, P. G. and Martínez-González, E. and Masi, S. and Massardi, M. and Matarrese, S. and Matthai, F. and Mazzotta, P. and Meinhold, P. R. and Melchiorri, A. and Melin, J.-B. and Mendes, L. and Menegoni, E. and Mennella, A. and Migliaccio, M. and Millea, M. and Mitra, S. and Miville-Deschênes, M.-A. and Moneti, A. and Montier, L. and Morgante, G. and Mortlock, D. and Moss, A. and Munshi, D. and Murphy, J. A. and Naselsky, P. and Nati, F. and Natoli, P. and Netterfield, C. B. and Nørgaard-Nielsen, H. U. and Noviello, F. and Novikov, D. and Novikov, I. and O'Dwyer, I. J. and Osborne, S. and Oxborrow, C. A. and Paci, F. and Pagano, L. and Pajot, F. and Paladini, R. and Paoletti, D. and Partridge, B. and Pasian, F. and Patanchon, G. and Pearson, D. and Pearson, T. J. and Peiris, H. V. and Perdereau, O. and Perotto, L. and Perrotta, F. and Pettorino, V. and Piacentini, F. and Piat, M. and Pierpaoli, E. and Pietrobon, D. and Plaszczynski, S. and Platania, P. and Pointecouteau, E. and Polenta, G. and Ponthieu, N. and Popa, L. and Poutanen, T. and Pratt, G. W. and Prézeau, G. and Prunet, S. and Puget, J.-L. and Rachen, J. P. and Reach, W. T. and Rebolo, R. and Reinecke, M. and Remazeilles, M. and Renault, C. and Ricciardi, S. and Riller, T. and Ristorcelli, I. and Rocha, G. and Rosset, C. and Roudier, G. and Rowan-Robinson, M. and Rubiño-Martín, J. A. and Rusholme, B. and Sandri, M. and Santos, D. and Savelainen, M. and Savini, G. and Scott, D. and Seiffert, M. D. and Shellard, E. P. S. and Spencer, L. D. and Starck, J.-L. and Stolyarov, V. and Stompor, R. and Sudiwala, R. and Sunyaev, R. and Sureau, F. and Sutton, D. and Suur-Uski, A.-S. and Sygnet, J.-F. and Tauber, J. A. and Tavagnacco, D. and Terenzi, L. and Toffolatti, L. and Tomasi, M. and Tristram, M. and Tucci, M. and Tuovinen, J. and Türler, M. and Umana, G. and Valenziano, L. and Valiviita, J. and Van Tent, B. and Vielva, P. and Villa, F. and Vittorio, N. and Wade, L. A. and Wandelt, B. D. and Wehus, I. K. and White, M. and White, S. D. M. and Wilkinson, A. and Yvon, D. and Zacchei, A. and Zonca, A.},
	month = nov,
	year = {2014},
	keywords = {cosmic background radiation, cosmological parameters, early universe, inflation, primordial nucleosynthesis},
	pages = {A16},
	file = {NASA/ADS Full Text PDF:/Users/jlazear/Library/Application Support/Zotero/Profiles/thx0fg00.default/zotero/storage/W2DHSU4J/Planck Collaboration et al. - 2014 - Planck 2013 results. XVI. Cosmological parameters.pdf:application/pdf}
}

@article{gorski_healpix:_2005,
	title = {{HEALPix}: A Framework for High-Resolution Discretization and Fast Analysis of Data Distributed on the Sphere},
	volume = {622},
	issn = {0004-637X},
	shorttitle = {{HEALPix}},
	url = {http://adsabs.harvard.edu/abs/2005ApJ...622..759G},
	doi = {10.1086/427976},
	abstract = {{HEALPix}-the Hierarchical Equal Area {isoLatitude} Pixelization-is a 
versatile structure for the pixelization of data on the sphere. An
associated library of computational algorithms and visualization
software supports fast scientific applications executable directly on
discretized spherical maps generated from very large volumes of
astronomical data. Originally developed to address the data processing
and analysis needs of the present generation of cosmic microwave
background experiments (e.g., {BOOMERANG}, {WMAP}), {HEALPix} can be expanded
to meet many of the profound challenges that will arise in confrontation
with the observational output of future missions and experiments,
including, e.g., Planck, Herschel, {SAFIR}, and the Beyond Einstein
inflation probe. In this paper we consider the requirements and
implementation constraints on a framework that simultaneously enables an
efficient discretization with associated hierarchical indexation and
fast analysis/synthesis of functions defined on the sphere. We
demonstrate how these are explicitly satisfied by {HEALPix}.},
	urldate = {2015-02-05},
	journal = {The Astrophysical Journal},
	author = {Górski, K. M. and Hivon, E. and Banday, A. J. and Wandelt, B. D. and Hansen, F. K. and Reinecke, M. and Bartelmann, M.},
	month = apr,
	year = {2005},
	keywords = {Cosmology: Cosmic Microwave Background, Cosmology: Observations, Methods: Statistical},
	pages = {759--771},
	file = {NASA/ADS Full Text PDF:/Users/jlazear/Library/Application Support/Zotero/Profiles/thx0fg00.default/zotero/storage/2BB323JE/Górski et al. - 2005 - HEALPix A Framework for High-Resolution Discretiz.pdf:application/pdf}
}